@article{agarwal2011building,
	title={Building rome in a day},
	author={Agarwal, Sameer and Furukawa, Yasutaka and Snavely, Noah and Simon, Ian and Curless, Brian and Seitz, Steven M and Szeliski, Richard},
	journal={Communications of the ACM},
	volume={54},
	number={10},
	pages={105--112},
	year={2011},
	publisher={ACM New York, NY, USA}
}

@inproceedings{agarwal2010bundle,
	title={Bundle adjustment in the large},
	author={Agarwal, Sameer and Snavely, Noah and Seitz, Steven M and Szeliski, Richard},
	booktitle={European conference on computer vision},
	pages={29--42},
	year={2010},
	organization={Springer}
}

@article{antone2002scalable,
	title={Scalable extrinsic calibration of omni-directional image networks},
	author={Antone, Matthew and Teller, Seth},
	journal={International Journal of Computer Vision},
	volume={49},
	number={2},
	pages={143--174},
	year={2002},
	publisher={Springer}
}

@article{arya1998optimal,
	title={An optimal algorithm for approximate nearest neighbor searching fixed dimensions},
	author={Arya, Sunil and Mount, David M and Netanyahu, Nathan S and Silverman, Ruth and Wu, Angela Y},
	journal={Journal of the ACM (JACM)},
	volume={45},
	number={6},
	pages={891--923},
	year={1998},
	publisher={ACM New York, NY, USA}
}

@article{chen2008algorithm,
	title={Algorithm 887: CHOLMOD, supernodal sparse Cholesky factorization and update/downdate},
	author={Chen, Yanqing and Davis, Timothy A and Hager, William W and Rajamanickam, Sivasankaran},
	journal={ACM Transactions on Mathematical Software (TOMS)},
	volume={35},
	number={3},
	pages={1--14},
	year={2008},
	publisher={ACM New York, NY, USA}
}

@inproceedings{chum2007total,
	title={Total recall: Automatic query expansion with a generative feature model for object retrieval},
	author={Chum, Ondrej and Philbin, James and Sivic, Josef and Isard, Michael and Zisserman, Andrew},
	booktitle={2007 IEEE 11th International Conference on Computer Vision},
	pages={1--8},
	year={2007},
	organization={IEEE}
}

@article{fischler1981random,
	title={Random sample consensus: a paradigm for model fitting with applications to image analysis and automated cartography},
	author={Fischler, Martin A and Bolles, Robert C},
	journal={Communications of the ACM},
	volume={24},
	number={6},
	pages={381--395},
	year={1981},
	publisher={ACM New York, NY, USA}
}

@inproceedings{frahm2010building,
	title={Building rome on a cloudless day},
	author={Frahm, Jan-Michael and Fite-Georgel, Pierre and Gallup, David and Johnson, Tim and Raguram, Rahul and Wu, Changchang and Jen, Yi-Hung and Dunn, Enrique and Clipp, Brian and Lazebnik, Svetlana and others},
	booktitle={European conference on computer vision},
	pages={368--381},
	year={2010},
	organization={Springer}
}

@article{fruh2004automated,
	title={An automated method for large-scale, ground-based city model acquisition},
	author={Fr{\"u}h, Christian and Zakhor, Avideh},
	journal={International Journal of Computer Vision},
	volume={60},
	number={1},
	pages={5--24},
	year={2004},
	publisher={Springer}
}

@inproceedings{furukawa2010towards,
	title={Towards internet-scale multi-view stereo},
	author={Furukawa, Yasutaka and Curless, Brian and Seitz, Steven M and Szeliski, Richard},
	booktitle={2010 IEEE computer society conference on computer vision and pattern recognition},
	pages={1434--1441},
	year={2010},
	organization={IEEE}
}

@article{andrew2001multiple,
	title={Multiple view geometry in computer vision},
	author={Andrew, Alex M},
	journal={Kybernetes},
	year={2001},
	publisher={Emerald Group Publishing Limited}
}

@article{jones1972statistical,
	title={A statistical interpretation of term specificity and its application in retrieval},
	author={Jones, Karen Sparck},
	journal={Journal of documentation},
	year={1972},
	publisher={MCB UP Ltd}
}

@article{karypis1998fast,
	title={A fast and high quality multilevel scheme for partitioning irregular graphs},
	author={Karypis, George and Kumar, Vipin},
	journal={SIAM Journal on scientific Computing},
	volume={20},
	number={1},
	pages={359--392},
	year={1998},
	publisher={SIAM}
}

@article{lowe2004distinctive,
	title={Distinctive image features from scale-invariant keypoints},
	author={Lowe, David G},
	journal={International journal of computer vision},
	volume={60},
	number={2},
	pages={91--110},
	year={2004},
	publisher={Springer}
}

@inproceedings{nister2006scalable,
	title={Scalable recognition with a vocabulary tree},
	author={Nister, David and Stewenius, Henrik},
	booktitle={2006 IEEE Computer Society Conference on Computer Vision and Pattern Recognition (CVPR'06)},
	volume={2},
	pages={2161--2168},
	year={2006},
	organization={Ieee}
}

@article{pollefeys2008detailed,
	title={Detailed real-time urban 3d reconstruction from video},
	author={Pollefeys, Marc and Nist{\'e}r, David and Frahm, J-M and Akbarzadeh, Amir and Mordohai, Philippos and Clipp, Brian and Engels, Chris and Gallup, David and Kim, S-J and Merrell, Paul and others},
	journal={International Journal of Computer Vision},
	volume={78},
	number={2},
	pages={143--167},
	year={2008},
	publisher={Springer}
}

@inproceedings{schindler2007city,
	title={City-scale location recognition},
	author={Schindler, Grant and Brown, Matthew and Szeliski, Richard},
	booktitle={2007 IEEE Conference on Computer Vision and Pattern Recognition},
	pages={1--7},
	year={2007},
	organization={IEEE}
}

@inproceedings{sivic2003video,
	title={Video Google: A text retrieval approach to object matching in videos},
	author={Sivic, Josef and Zisserman, Andrew},
	booktitle={Computer Vision, IEEE International Conference on},
	volume={3},
	pages={1470--1470},
	year={2003},
	organization={IEEE Computer Society}
}

@incollection{snavely2006photo,
	title={Photo tourism: exploring photo collections in 3D},
	author={Snavely, Noah and Seitz, Steven M and Szeliski, Richard},
	booktitle={ACM siggraph 2006 papers},
	pages={835--846},
	year={2006}
}

@inproceedings{snavely2008skeletal,
	title={Skeletal graphs for efficient structure from motion},
	author={Snavely, Noah and Seitz, Steven M and Szeliski, Richard},
	booktitle={2008 IEEE Conference on Computer Vision and Pattern Recognition},
	pages={1--8},
	year={2008},
	organization={IEEE}
}

@inproceedings{triggs1999bundle,
	title={Bundle adjustmentâ€”a modern synthesis},
	author={Triggs, Bill and McLauchlan, Philip F and Hartley, Richard I and Fitzgibbon, Andrew W},
	booktitle={International workshop on vision algorithms},
	pages={298--372},
	year={1999},
	organization={Springer}
}

@inproceedings{zebedin2008fusion,
	title={Fusion of feature-and area-based information for urban buildings modeling from aerial imagery},
	author={Zebedin, Lukas and Bauer, Joachim and Karner, Konrad and Bischof, Horst},
	booktitle={European conference on computer vision},
	pages={873--886},
	year={2008},
	organization={Springer}
}




