@article{paden2016survey,
	title={A survey of motion planning and control techniques for self-driving urban vehicles},
	author={Paden, Brian and {\v{C}}{\'a}p, Michal and Yong, Sze Zheng and Yershov, Dmitry and Frazzoli, Emilio},
	journal={IEEE Transactions on intelligent vehicles},
	volume={1},
	number={1},
	pages={33--55},
	year={2016},
	publisher={IEEE}
}

@inproceedings{cheng2005study,
	title={A study of using 2D vision system for enhanced industrial robot intelligence},
	author={Cheng, Frank S and Denman, Andrew},
	booktitle={IEEE International Conference Mechatronics and Automation, 2005},
	volume={3},
	pages={1185--1189},
	year={2005},
	organization={IEEE}
}

@article{babinec2014visual,
	title={Visual localization of mobile robot using artificial markers},
	author={Babinec, Andrej and Juri{\v{s}}ica, Ladislav and Hubinsk{\`y}, Peter and Ducho{\v{n}}, Franti{\v{s}}ek},
	journal={Procedia Engineering},
	volume={96},
	pages={1--9},
	year={2014},
	publisher={Elsevier}
}

@inproceedings{zheng2018visual,
	title={Visual localization of inspection robot using extended kalman filter and aruco markers},
	author={Zheng, Jingxiang and Bi, Shusheng and Cao, Bo and Yang, Dongsheng},
	booktitle={2018 IEEE International Conference on Robotics and Biomimetics (ROBIO)},
	pages={742--747},
	year={2018},
	organization={IEEE}
}

@article{garrido2014automatic,
	title={Automatic generation and detection of highly reliable fiducial markers under occlusion},
	author={Garrido-Jurado, Sergio and Mu{\~n}oz-Salinas, Rafael and Madrid-Cuevas, Francisco Jos{\'e} and Mar{\'\i}n-Jim{\'e}nez, Manuel Jes{\'u}s},
	journal={Pattern Recognition},
	volume={47},
	number={6},
	pages={2280--2292},
	year={2014},
	publisher={Elsevier}
}

@inproceedings{reina2007adaptive,
	title={Adaptive kalman filtering for gps-based mobile robot localization},
	author={Reina, Giulio and Vargas, Andres and Nagatani, Keiji and Yoshida, Kazuya},
	booktitle={2007 IEEE International Workshop on Safety, Security and Rescue Robotics},
	pages={1--6},
	year={2007},
	organization={IEEE}
}

@article{cadena2016past,
	title={Past, present, and future of simultaneous localization and mapping: Toward the robust-perception age},
	author={Cadena, Cesar and Carlone, Luca and Carrillo, Henry and Latif, Yasir and Scaramuzza, Davide and Neira, Jos{\'e} and Reid, Ian and Leonard, John J},
	journal={IEEE Transactions on robotics},
	volume={32},
	number={6},
	pages={1309--1332},
	year={2016},
	publisher={IEEE}
}

@article{davison2007monoslam,
	title={MonoSLAM: Real-time single camera SLAM},
	author={Davison, Andrew J and Reid, Ian D and Molton, Nicholas D and Stasse, Olivier},
	journal={IEEE transactions on pattern analysis and machine intelligence},
	volume={29},
	number={6},
	pages={1052--1067},
	year={2007},
	publisher={IEEE}
}

@inproceedings{klein2007parallel,
	title={Parallel tracking and mapping for small AR workspaces},
	author={Klein, Georg and Murray, David},
	booktitle={2007 6th IEEE and ACM international symposium on mixed and augmented reality},
	pages={225--234},
	year={2007},
	organization={IEEE}
}

@article{mur2015orb,
	title={ORB-SLAM: a versatile and accurate monocular SLAM system},
	author={Mur-Artal, Raul and Montiel, Jose Maria Martinez and Tardos, Juan D},
	journal={IEEE transactions on robotics},
	volume={31},
	number={5},
	pages={1147--1163},
	year={2015},
	publisher={IEEE}
}

@inproceedings{rublee2011orb,
	title={ORB: An efficient alternative to SIFT or SURF},
	author={Rublee, Ethan and Rabaud, Vincent and Konolige, Kurt and Bradski, Gary},
	booktitle={2011 International conference on computer vision},
	pages={2564--2571},
	year={2011},
	organization={Ieee}
}

@article{mur2017orb,
	title={Orb-slam2: An open-source slam system for monocular, stereo, and rgb-d cameras},
	author={Mur-Artal, Raul and Tard{\'o}s, Juan D},
	journal={IEEE Transactions on Robotics},
	volume={33},
	number={5},
	pages={1255--1262},
	year={2017},
	publisher={IEEE}
}

@inproceedings{tateno2017cnn,
  title={Cnn-slam: Real-time dense monocular slam with learned depth prediction},
  author={Tateno, Keisuke and Tombari, Federico and Laina, Iro and Navab, Nassir},
  booktitle={Proceedings of the IEEE Conference on Computer Vision and Pattern Recognition},
  pages={6243--6252},
  year={2017}
}

@article{detone2017toward,
	title={Toward geometric deep slam},
	author={DeTone, Daniel and Malisiewicz, Tomasz and Rabinovich, Andrew},
	journal={arXiv preprint arXiv:1707.07410},
	year={2017}
}

@article{huang2021comprehensive,
	title={A comprehensive survey on point cloud registration},
	author={Huang, Xiaoshui and Mei, Guofeng and Zhang, Jian and Abbas, Rana},
	journal={arXiv preprint arXiv:2103.02690},
	year={2021}
}

@inproceedings{besl1992method,
	title={Method for registration of 3-D shapes},
	author={Besl, Paul J and McKay, Neil D},
	booktitle={Sensor fusion IV: control paradigms and data structures},
	volume={1611},
	pages={586--606},
	year={1992},
	organization={International Society for Optics and Photonics}
}

@inproceedings{rusinkiewicz2001efficient,
	title={Efficient variants of the ICP algorithm},
	author={Rusinkiewicz, Szymon and Levoy, Marc},
	booktitle={Proceedings third international conference on 3-D digital imaging and modeling},
	pages={145--152},
	year={2001},
	organization={IEEE}
}

@article{chen1992object,
	title={Object modelling by registration of multiple range images},
	author={Chen, Yang and Medioni, G{\'e}rard},
	journal={Image and vision computing},
	volume={10},
	number={3},
	pages={145--155},
	year={1992},
	publisher={Elsevier}
}

@inproceedings{forstner2017efficient,
	title={Efficient and accurate registration of point clouds with plane to plane correspondences},
	author={Forstner, Wolfgang and Khoshelham, Kourosh},
	booktitle={Proceedings of the IEEE International Conference on Computer Vision Workshops},
	pages={2165--2173},
	year={2017}
}

@article{zhang2020deep,
	title={Deep learning based point cloud registration: an overview},
	author={Zhang, Zhiyuan and Dai, Yuchao and Sun, Jiadai},
	journal={Virtual Reality \& Intelligent Hardware},
	volume={2},
	number={3},
	pages={222--246},
	year={2020},
	publisher={Elsevier}
}

@inproceedings{wu20153d,
	title={3d shapenets: A deep representation for volumetric shapes},
	author={Wu, Zhirong and Song, Shuran and Khosla, Aditya and Yu, Fisher and Zhang, Linguang and Tang, Xiaoou and Xiao, Jianxiong},
	booktitle={Proceedings of the IEEE conference on computer vision and pattern recognition},
	pages={1912--1920},
	year={2015}
}

@inproceedings{geiger2012we,
	title={Are we ready for autonomous driving? the kitti vision benchmark suite},
	author={Geiger, Andreas and Lenz, Philip and Urtasun, Raquel},
	booktitle={2012 IEEE Conference on Computer Vision and Pattern Recognition},
	pages={3354--3361},
	year={2012},
	organization={IEEE}
}

@inproceedings{qi2017pointnet,
	title={Pointnet: Deep learning on point sets for 3d classification and segmentation},
	author={Qi, Charles R and Su, Hao and Mo, Kaichun and Guibas, Leonidas J},
	booktitle={Proceedings of the IEEE conference on computer vision and pattern recognition},
	pages={652--660},
	year={2017}
}

@inproceedings{aoki2019pointnetlk,
	title={Pointnetlk: Robust \& efficient point cloud registration using pointnet},
	author={Aoki, Yasuhiro and Goforth, Hunter and Srivatsan, Rangaprasad Arun and Lucey, Simon},
	booktitle={Proceedings of the IEEE/CVF Conference on Computer Vision and Pattern Recognition},
	pages={7163--7172},
	year={2019}
}

@article{baker2004lucas,
	title={Lucas-kanade 20 years on: A unifying framework},
	author={Baker, Simon and Matthews, Iain},
	journal={International journal of computer vision},
	volume={56},
	number={3},
	pages={221--255},
	year={2004},
	publisher={Springer}
}

@article{sarode2019pcrnet,
	title={PCRNet: Point cloud registration network using PointNet encoding},
	author={Sarode, Vinit and Li, Xueqian and Goforth, Hunter and Aoki, Yasuhiro and Srivatsan, Rangaprasad Arun and Lucey, Simon and Choset, Howie},
	journal={arXiv preprint arXiv:1908.07906},
	year={2019}
}

@inproceedings{wang2019deep,
	title={Deep closest point: Learning representations for point cloud registration},
	author={Wang, Yue and Solomon, Justin M},
	booktitle={Proceedings of the IEEE/CVF International Conference on Computer Vision},
	pages={3523--3532},
	year={2019}
}

@article{vaswani2017attention,
	title={Attention is all you need},
	author={Vaswani, Ashish and Shazeer, Noam and Parmar, Niki and Uszkoreit, Jakob and Jones, Llion and Gomez, Aidan N and Kaiser, Lukasz and Polosukhin, Illia},
	journal={arXiv preprint arXiv:1706.03762},
	year={2017}
}

@article{agarwal2011building,
	title={Building rome in a day},
	author={Agarwal, Sameer and Furukawa, Yasutaka and Snavely, Noah and Simon, Ian and Curless, Brian and Seitz, Steven M and Szeliski, Richard},
	journal={Communications of the ACM},
	volume={54},
	number={10},
	pages={105--112},
	year={2011},
	publisher={ACM New York, NY, USA}
}

@inproceedings{gherardi2010improving,
	title={Improving the efficiency of hierarchical structure-and-motion},
	author={Gherardi, Riccardo and Farenzena, Michela and Fusiello, Andrea},
	booktitle={2010 IEEE computer society conference on computer vision and pattern recognition},
	pages={1594--1600},
	year={2010},
	organization={IEEE}
}

@inproceedings{crandall2011discrete,
	title={Discrete-continuous optimization for large-scale structure from motion},
	author={Crandall, David and Owens, Andrew and Snavely, Noah and Huttenlocher, Dan},
	booktitle={CVPR 2011},
	pages={3001--3008},
	year={2011},
	organization={IEEE}
}

@inproceedings{schonberger2016structure,
	title={Structure-from-motion revisited},
	author={Schonberger, Johannes L and Frahm, Jan-Michael},
	booktitle={Proceedings of the IEEE conference on computer vision and pattern recognition},
	pages={4104--4113},
	year={2016}
}

@article{li2012robust,
	title={A robust O (n) solution to the perspective-n-point problem},
	author={Li, Shiqi and Xu, Chi and Xie, Ming},
	journal={IEEE transactions on pattern analysis and machine intelligence},
	volume={34},
	number={7},
	pages={1444--1450},
	year={2012},
	publisher={IEEE}
}

@inproceedings{triggs1999bundle,
	title={Bundle adjustment—a modern synthesis},
	author={Triggs, Bill and McLauchlan, Philip F and Hartley, Richard I and Fitzgibbon, Andrew W},
	booktitle={International workshop on vision algorithms},
	pages={298--372},
	year={1999},
	organization={Springer}
}

@inproceedings{zhang2014loam,
	title={LOAM: Lidar Odometry and Mapping in Real-time.},
	author={Zhang, Ji and Singh, Sanjiv},
	booktitle={Robotics: Science and Systems},
	volume={2},
	number={9},
	year={2014}
}

@inproceedings{pais20203dregnet,
	title={3dregnet: A deep neural network for 3d point registration},
	author={Pais, G Dias and Ramalingam, Srikumar and Govindu, Venu Madhav and Nascimento, Jacinto C and Chellappa, Rama and Miraldo, Pedro},
	booktitle={Proceedings of the IEEE/CVF conference on computer vision and pattern recognition},
	pages={7193--7203},
	year={2020}
}

@inproceedings{lowe1999object,
	title={Object recognition from local scale-invariant features},
	author={Lowe, David G},
	booktitle={Proceedings of the seventh IEEE international conference on computer vision},
	volume={2},
	pages={1150--1157},
	year={1999},
	organization={Ieee}
}

@inproceedings{bay2006surf,
	title={Surf: Speeded up robust features},
	author={Bay, Herbert and Tuytelaars, Tinne and Van Gool, Luc},
	booktitle={European conference on computer vision},
	pages={404--417},
	year={2006},
	organization={Springer}
}

@inproceedings{rusu2009fast,
	title={Fast point feature histograms (FPFH) for 3D registration},
	author={Rusu, Radu Bogdan and Blodow, Nico and Beetz, Michael},
	booktitle={2009 IEEE international conference on robotics and automation},
	pages={3212--3217},
	year={2009},
	organization={IEEE}
}

@inproceedings{rusu2008aligning,
	title={Aligning point cloud views using persistent feature histograms},
	author={Rusu, Radu Bogdan and Blodow, Nico and Marton, Zoltan Csaba and Beetz, Michael},
	booktitle={2008 IEEE/RSJ international conference on intelligent robots and systems},
	pages={3384--3391},
	year={2008},
	organization={IEEE}
}

@inproceedings{nuchter2007cached,
	title={Cached kd tree search for ICP algorithms},
	author={Nuchter, Andreas and Lingemann, Kai and Hertzberg, Joachim},
	booktitle={Sixth International Conference on 3-D Digital Imaging and Modeling (3DIM 2007)},
	pages={419--426},
	year={2007},
	organization={IEEE}
}

@article{fischler1981random,
	title={Random sample consensus: a paradigm for model fitting with applications to image analysis and automated cartography},
	author={Fischler, Martin A and Bolles, Robert C},
	journal={Communications of the ACM},
	volume={24},
	number={6},
	pages={381--395},
	year={1981},
	publisher={ACM New York, NY, USA}
}

@incollection{golub1971singular,
	title={Singular value decomposition and least squares solutions},
	author={Golub, Gene H and Reinsch, Christian},
	booktitle={Linear algebra},
	pages={134--151},
	year={1971},
	publisher={Springer}
}

@inproceedings{he2016deep,
	title={Deep residual learning for image recognition},
	author={He, Kaiming and Zhang, Xiangyu and Ren, Shaoqing and Sun, Jian},
	booktitle={Proceedings of the IEEE conference on computer vision and pattern recognition},
	pages={770--778},
	year={2016}
}

@inproceedings{choi2015robust,
	title={Robust reconstruction of indoor scenes},
	author={Choi, Sungjoon and Zhou, Qian-Yi and Koltun, Vladlen},
	booktitle={Proceedings of the IEEE Conference on Computer Vision and Pattern Recognition},
	pages={5556--5565},
	year={2015}
}

@article{zhou2014learning,
	title={Learning deep features for scene recognition using places database},
	author={Zhou, Bolei and Lapedriza, Agata and Xiao, Jianxiong and Torralba, Antonio and Oliva, Aude},
	year={2014},
	publisher={Neural Information Processing Systems Foundation}
}

@article{piasco2018survey,
	title={A survey on visual-based localization: On the benefit of heterogeneous data},
	author={Piasco, Nathan and Sidib{\'e}, D{\'e}sir{\'e} and Demonceaux, C{\'e}dric and Gouet-Brunet, Val{\'e}rie},
	journal={Pattern Recognition},
	volume={74},
	pages={90--109},
	year={2018},
	publisher={Elsevier}
}

@inproceedings{wolcott2014visual,
	title={Visual localization within lidar maps for automated urban driving},
	author={Wolcott, Ryan W and Eustice, Ryan M},
	booktitle={2014 IEEE/RSJ International Conference on Intelligent Robots and Systems},
	pages={176--183},
	year={2014},
	organization={IEEE}
}

@inproceedings{gawel2016structure,
	title={Structure-based vision-laser matching},
	author={Gawel, Abel and Cieslewski, Titus and Dub{\'e}, Renaud and Bosse, Mike and Siegwart, Roland and Nieto, Juan},
	booktitle={2016 IEEE/RSJ International Conference on Intelligent Robots and Systems (IROS)},
	pages={182--188},
	year={2016},
	organization={IEEE}
}

@inproceedings{kim2018stereo,
	title={Stereo camera localization in 3d lidar maps},
	author={Kim, Youngji and Jeong, Jinyong and Kim, Ayoung},
	booktitle={2018 IEEE/RSJ International Conference on Intelligent Robots and Systems (IROS)},
	pages={1--9},
	year={2018},
	organization={IEEE}
}

@inproceedings{tian2019sosnet,
	title={Sosnet: Second order similarity regularization for local descriptor learning},
	author={Tian, Yurun and Yu, Xin and Fan, Bin and Wu, Fuchao and Heijnen, Huub and Balntas, Vassileios},
	booktitle={Proceedings of the IEEE/CVF Conference on Computer Vision and Pattern Recognition},
	pages={11016--11025},
	year={2019}
}

@article{yu2020monocular,
	title={Monocular Camera Localization in Prior LiDAR Maps with 2D-3D Line Correspondences},
	author={Yu, Huai and Zhen, Weikun and Yang, Wen and Zhang, Ji and Scherer, Sebastian},
	journal={arXiv preprint arXiv:2004.00740},
	year={2020}
}

@inproceedings{tian2017l2,
	title={L2-net: Deep learning of discriminative patch descriptor in euclidean space},
	author={Tian, Yurun and Fan, Bin and Wu, Fuchao},
	booktitle={Proceedings of the IEEE Conference on Computer Vision and Pattern Recognition},
	pages={661--669},
	year={2017}
}

@article{krizhevsky2012imagenet,
	title={Imagenet classification with deep convolutional neural networks},
	author={Krizhevsky, Alex and Sutskever, Ilya and Hinton, Geoffrey E},
	journal={Advances in neural information processing systems},
	volume={25},
	pages={1097--1105},
	year={2012}
}

@inproceedings{leutenegger2011brisk,
	title={BRISK: Binary robust invariant scalable keypoints},
	author={Leutenegger, Stefan and Chli, Margarita and Siegwart, Roland Y},
	booktitle={2011 International conference on computer vision},
	pages={2548--2555},
	year={2011},
	organization={Ieee}
}

@article{hartley1997defense,
	title={In defense of the eight-point algorithm},
	author={Hartley, Richard I},
	journal={IEEE Transactions on pattern analysis and machine intelligence},
	volume={19},
	number={6},
	pages={580--593},
	year={1997},
	publisher={IEEE}
}

@article{longuet1981computer,
	title={A computer algorithm for reconstructing a scene from two projections},
	author={Longuet-Higgins, H Christopher},
	journal={Nature},
	volume={293},
	number={5828},
	pages={133--135},
	year={1981},
	publisher={Nature Publishing Group}
}

@inproceedings{wang2000svd,
	title={A SVD decomposition of essential matrix with eight solutions for the relative positions of two perspective cameras},
	author={Wang, Wei and Tsui, Hung Tat},
	booktitle={Proceedings 15th International Conference on Pattern Recognition. ICPR-2000},
	volume={1},
	pages={362--365},
	year={2000},
	organization={IEEE}
}

@incollection{snavely2006photo,
	title={Photo tourism: exploring photo collections in 3D},
	author={Snavely, Noah and Seitz, Steven M and Szeliski, Richard},
	booktitle={ACM siggraph 2006 papers},
	pages={835--846},
	year={2006}
}

@article{lowe2004distinctive,
	title={Distinctive image features from scale-invariant keypoints},
	author={Lowe, David G},
	journal={International journal of computer vision},
	volume={60},
	number={2},
	pages={91--110},
	year={2004},
	publisher={Springer}
}

@inproceedings{ke2004pca,
	title={PCA-SIFT: A more distinctive representation for local image descriptors},
	author={Ke, Yan and Sukthankar, Rahul},
	booktitle={Proceedings of the 2004 IEEE Computer Society Conference on Computer Vision and Pattern Recognition, 2004. CVPR 2004.},
	volume={2},
	pages={II--II},
	year={2004},
	organization={IEEE}
}

@article{wold1987principal,
	title={Principal component analysis},
	author={Wold, Svante and Esbensen, Kim and Geladi, Paul},
	journal={Chemometrics and intelligent laboratory systems},
	volume={2},
	number={1-3},
	pages={37--52},
	year={1987},
	publisher={Elsevier}
}

@article{wu2011visualsfm,
	title={VisualSFM: A visual structure from motion system},
	author={Wu, Changchang and others},
	year={2011},
	publisher={St. Louis, MO, USA}
}

@inproceedings{acharya2013speeding,
	title={Speeding up SIFT using GPU},
	author={Acharya, Aniruddha and Babu, R Venkatesh},
	booktitle={2013 Fourth National Conference on Computer Vision, Pattern Recognition, Image Processing and Graphics (NCVPRIPG)},
	pages={1--4},
	year={2013},
	organization={IEEE}
}

@inproceedings{moulon2013global,
	title={Global fusion of relative motions for robust, accurate and scalable structure from motion},
	author={Moulon, Pierre and Monasse, Pascal and Marlet, Renaud},
	booktitle={Proceedings of the IEEE International Conference on Computer Vision},
	pages={3248--3255},
	year={2013}
}

@inproceedings{cui2017hsfm,
	title={HSfM: Hybrid structure-from-motion},
	author={Cui, Hainan and Gao, Xiang and Shen, Shuhan and Hu, Zhanyi},
	booktitle={Proceedings of the IEEE conference on computer vision and pattern recognition},
	pages={1212--1221},
	year={2017}
}

@inproceedings{han2015matchnet,
	title={Matchnet: Unifying feature and metric learning for patch-based matching},
	author={Han, Xufeng and Leung, Thomas and Jia, Yangqing and Sukthankar, Rahul and Berg, Alexander C},
	booktitle={Proceedings of the IEEE Conference on Computer Vision and Pattern Recognition},
	pages={3279--3286},
	year={2015}
}

@article{huang2019survey,
	title={A survey of simultaneous localization and mapping},
	author={Huang, Baichuan and Zhao, Jun and Liu, Jingbin},
	journal={arXiv preprint arXiv:1909.05214},
	year={2019}
}

@article{lindeberg1994scale,
	title={Scale-space theory: A basic tool for analyzing structures at different scales},
	author={Lindeberg, Tony},
	journal={Journal of applied statistics},
	volume={21},
	number={1-2},
	pages={225--270},
	year={1994},
	publisher={Taylor \& Francis}
}